@Article{dumont2017music,
  author    = {Dumont, Elisabeth and Syurina, Elena V and Feron, Frans JM and van Hooren, Susan},
  journal   = {Frontiers in psychology},
  title     = {Music interventions and child development: A critical review and further directions},
  year      = {2017},
  pages     = {1694},
  volume    = {8},
  publisher = {Frontiers Media SA},
}

@PhdThesis{thamprasert2023network,
  author = {Thamprasert, Yada},
  school = {Chiang Mai: Graduate School, Chiang Mai University},
  title  = {Network analysis of relationship in hobbies interest among 50 countries and the changes from COVID-19},
  year   = {2023},
}

@Misc{Github,
  author = {Github},
  title  = {The top programming languages},
  url    = {https://octoverse.github.com/2022/top-programming-languages},
}

@Article{brooke1996sus,
  author    = {Brooke, John},
  journal   = {Usability evaluation in industry},
  title     = {Sus: a “quick and dirty’usability},
  year      = {1996},
  number    = {3},
  pages     = {189--194},
  volume    = {189},
  publisher = {Taylor \& Francis},
}

@Comment{jabref-meta: databaseType:bibtex;}
